@inproceedings{8328081,
  author    = {Maldonado, Milton Gonzalo Ruiz},
  booktitle = {2017 International Conference on Information Systems and Computer Science (INCISCOS)},
  title     = {Wireless Sensor Network for Smart Home Services Using Optimal Communications},
  year      = {2017},
  volume    = {},
  number    = {},
  pages     = {27-32},
  doi       = {10.1109/INCISCOS.2017.21}
}
@misc{cisco_2022,
  title     = {What is IT security? - information technology security},
  note      = {\url{https://www.cisco.com/c/en/us/products/security/what-is-it-security.html}},
  journal   = {Cisco},
  publisher = {Cisco},
  year      = {2022},
  month     = {May}
}

 @inproceedings{cybersecurity,
  author    = {Kemmerer, R.A.},
  booktitle = {25th International Conference on Software Engineering, 2003. Proceedings.},
  title     = {Cybersecurity},
  year      = {2003},
  volume    = {},
  number    = {},
  pages     = {705-715},
  doi       = {10.1109/ICSE.2003.1201257}
} 

@misc{kornyezetmernoki-tudastar,
  author    = {Dr. Csutorás Gábor},
  note      = {\url{https://tudastar.mk.uni-pannon.hu/anyagok/29-Biztonsagtudomany.pdf}},
  year      = {2013},
  journal   = {Környezetmérnöki Tudástár},
  publisher = {Pannon Egyetem, Környezetmérnöki Intézet}
}

 @inproceedings{ricquebourg2006smart,
  title        = {The smart home concept: our immediate future},
  author       = {Ricquebourg, Vincent and Menga, David and Durand, David and Marhic, Bruno and Delahoche, Laurent and Loge, Christophe},
  booktitle    = {2006 1st IEEE international conference on e-learning in industrial electronics},
  pages        = {23--28},
  year         = {2006},
  organization = {IEEE}
} 

@article{smart-home-technology,
  title   = {Applications, systems and methods in smart home technology: A},
  author  = {Robles, Rosslin John and Kim, Tai-hoon},
  journal = {Int. Journal of Advanced Science And Technology},
  volume  = {15},
  pages   = {37--48},
  year    = {2010}
} 

@article{smart-homes,
  author  = {Komninos, Nikos and Philippou, Eleni and Pitsillides, Andreas},
  journal = {IEEE Communications Surveys \& Tutorials},
  title   = {Survey in Smart Grid and Smart Home Security: Issues, Challenges and Countermeasures},
  year    = {2014},
  volume  = {16},
  number  = {4},
  pages   = {1933-1954},
  doi     = {10.1109/COMST.2014.2320093}
}
@inproceedings{smart-research,
  author    = {Li Jiang and Da-You Liu and Bo Yang},
  booktitle = {Proceedings of 2004 International Conference on Machine Learning and Cybernetics (IEEE Cat. No.04EX826)},
  title     = {Smart home research},
  year      = {2004},
  volume    = {2},
  number    = {},
  pages     = {659-663 vol.2},
  doi       = {10.1109/ICMLC.2004.1382266}
}

@INPROCEEDINGS{4127535,
  author={Safaric, Stanislav and Malaric, Kresimir},
  booktitle={Proceedings ELMAR 2006}, 
  title={ZigBee wireless standard}, 
  year={2006},
  volume={},
  number={},
  pages={259-262},
  doi={10.1109/ELMAR.2006.329562}}